<collection xmlns="http://www.loc.gov/MARC21/slim">
<record>
  <leader>01704nam a2200397 a 4500</leader>
  <controlfield tag="001">3210436</controlfield>
  <controlfield tag="007">he amb---bbcp</controlfield>
  <controlfield tag="007">he bmb---baap</controlfield>
  <controlfield tag="008">831124s1871    quc     b     000 0 eng d</controlfield>
  <datafield tag="020" ind1=" " ind2=" ">
    <subfield code="a">0665286651</subfield>
  </datafield>
  <datafield tag="035" ind1=" " ind2=" ">
    <subfield code="a">ocn317910130</subfield>
  </datafield>
  <datafield tag="040" ind1=" " ind2=" ">
    <subfield code="a">CaOOCIHM</subfield>
    <subfield code="b">eng</subfield>
    <subfield code="d">AEU</subfield>
  </datafield>
  <datafield tag="043" ind1=" " ind2=" ">
    <subfield code="a">n-cn-qu</subfield>
  </datafield>
  <datafield tag="082" ind1="0" ind2=" ">
    <subfield code="a">345.02523</subfield>
    <subfield code="2">19</subfield>
  </datafield>
  <datafield tag="090" ind1=" " ind2=" ">
    <subfield code="a">FC 02 0203 no. 28665</subfield>
    <subfield code="b">AEU</subfield>
  </datafield>
  <datafield tag="100" ind1="1" ind2=" ">
    <subfield code="a">Worthington, E. D.</subfield>
    <subfield code="q">(Edward Dagge),</subfield>
    <subfield code="d">1820-1895</subfield>
  </datafield>
  <datafield tag="245" ind1="1" ind2="2">
    <subfield code="a">A review of the trial of Andrew Hill, for murder</subfield>
    <subfield code="h">[microform] :</subfield>
    <subfield code="b">before the Hon. Edward Short, I.S.C. at the term of the Court of Queen&apos;s Bench, held at Sherbrooke, P.Q. in March 1871 /</subfield>
    <subfield code="c">by Edward D. Worthington.</subfield>
  </datafield>
  <datafield tag="260" ind1=" " ind2=" ">
    <subfield code="a">Sherbrooke [Québec] :</subfield>
    <subfield code="b">[s.n.],</subfield>
    <subfield code="c">187</subfield>
  </datafield>
<!-- No separator at end of field length=43 -->
<!-- Bad indicator data. Skipping 2 bytes -->
  <datafield tag="300" ind1=" " ind2=" ">
    <subfield code="a">1 microfiche (14 fr.).</subfield>
  </datafield>
<!-- Bad indicator data. Skipping 2 bytes -->
  <datafield tag="490" ind1="1" ind2=" ">
    <subfield code="a">CIHM/ICMH Microfiche series = CIHM/ICMH collection de microfiches ;</subfield>
    <subfield code="v">no. 28665</subfield>
  </datafield>
<!-- Bad indicator data. Skipping 2 bytes -->
  <datafield tag="500" ind1=" " ind2=" ">
    <subfield code="a">&quot;Absurdum est ut alios regat ...&quot;</subfield>
  </datafield>
<!-- Bad indicator data. Skipping 2 bytes -->
  <datafield tag="533" ind1=" " ind2=" ">
    <subfield code="a">Filmed from a copy of the original publication held by the Bibliothèque nationale du Québec.</subfield>
    <subfield code="b">Ottawa :</subfield>
    <subfield code="c">Canadian Institute for Historical Microreproductions,</subfield>
    <subfield code="d">1</subfield>
  </datafield>
<!-- No separator at end of field length=171 -->
  <datafield tag="534" ind1="1" ind2="9">
    <subfield code="2">.</subfield>
  </datafield>
<!-- Separator but not at end of field length=19 -->
  <datafield tag="596" ind1="2" ind2=" ">
    <subfield code="m">.</subfield>
  </datafield>
<!-- Separator but not at end of field length=7 -->
<!-- Bad indicator data. Skipping 2 bytes -->
  <datafield tag="600" ind1="a" ind2="4">
  </datafield>
<!-- Separator but not at end of field length=18 -->
  <datafield tag="600" ind1="d" ind2="r">
    <subfield code="w">.</subfield>
  </datafield>
<!-- Separator but not at end of field length=31 -->
  <datafield tag="600" ind1="1" ind2="8">
    <subfield code="1">.</subfield>
  </datafield>
<!-- Separator but not at end of field length=18 -->
  <datafield tag="600" ind1="d" ind2="r">
    <subfield code="w">.</subfield>
  </datafield>
<!-- Separator but not at end of field length=31 -->
  <datafield tag="650" ind1="1" ind2="8">
    <subfield code="1">.</subfield>
  </datafield>
<!-- Separator but not at end of field length=52 -->
  <datafield tag="650" ind1="o" ind2="o">
    <subfield code="e">.</subfield>
  </datafield>
<!-- Separator but not at end of field length=58 -->
  <datafield tag="650" ind1="o" ind2="o">
    <subfield code="e">.</subfield>
  </datafield>
<!-- Separator but not at end of field length=55 -->
  <datafield tag="650" ind1="e" ind2="r">
    <subfield code="r">ooke.</subfield>
  </datafield>
<!-- Separator but not at end of field length=55 -->
  <datafield tag="830" ind1="e" ind2=")">
    <subfield code="z">Sherbrooke.</subfield>
  </datafield>
<!-- Separator but not at end of field length=45 -->
  <datafield tag="949" ind1="e" ind2="s">
    <subfield code=";"></subfield>
    <subfield code="v">no. 28665</subfield>
  </datafield>
<!-- Separator but not at end of field length=22 -->
  <datafield tag="016" ind1="H" ind2="S">
    <subfield code="M">F</subfield>
    <subfield code="z">CIHMMPR</subfield>
  </datafield>
<!-- No separator at end of field length=15 -->
<!-- Bad indicator data. Skipping 1 bytes -->
  <datafield tag="926" ind1=" " ind2=" ">
    <subfield code="a"> 836185722</subfield>
  </datafield>
<!-- Separator but not at end of field length=58 -->
</record>
</collection>
